@misc{uci-thesis-latex,
  title = {{LaTeX template for thesis and dissertation documents at UC Irvine}},
  author = {Otten, Lars},
  year = 2012,
  howpublished = {\url{https://github.com/lotten/uci-thesis-latex/}}
}
 
@Article{Slonczewski1999,
  Title                    = {Excitation of spin waves by an electric current },
  Author                   = {J.C Slonczewski},
  Journal                  = {J. Magn. Magn. Mater.},
  Year                     = {1999},
  Number                   = {2},
  Pages                    = {L261 - L268},
  Volume                   = {195},
  Doi                      = {http://dx.doi.org/10.1016/S0304-8853(99)00043-8},
  ISSN                     = {0304-8853},
  Url                      = {http://www.sciencedirect.com/science/article/pii/S0304885399000438}
}


@article{SlonSwitching,
title = "Current-driven excitation of magnetic multilayers",
journal = "Journal of Magnetism and Magnetic Materials",
volume = "159",
number = "1",
pages = "L1 - L7",
year = "1996",
issn = "0304-8853",
doi = "https://doi.org/10.1016/0304-8853(96)00062-5",
url = "http://www.sciencedirect.com/science/article/pii/0304885396000625",
author = "J.C. Slonczewski"
}

@article{SlonMTJPRB,
  title = {Currents, torques, and polarization factors in magnetic tunnel junctions},
  author = {Slonczewski, J. C.},
  journal = {Phys. Rev. B},
  volume = {71},
  issue = {2},
  pages = {024411},
  numpages = {10},
  year = {2005},
  month = {Jan},
  publisher = {American Physical Society},
  doi = {10.1103/PhysRevB.71.024411},
  url = {https://link.aps.org/doi/10.1103/PhysRevB.71.024411}
}

@article{MTJConductance,
title = "Magnetic tunnel junctions",
journal = "Materials Today",
volume = "9",
number = "11",
pages = "36 - 45",
year = "2006",
issn = "1369-7021",
doi = "https://doi.org/10.1016/S1369-7021(06)71693-5",
url = "http://www.sciencedirect.com/science/article/pii/S1369702106716935",
author = "Jian-Gang (Jimmy) Zhu and Chando Park"
}

@Article{Akerman508,
	author = {Akerman, Johan},
	title = {Toward a Universal Memory},
	volume = {308},
	number = {5721},
	pages = {508--510},
	year = {2005},
	doi = {10.1126/science.1110549},
	publisher = {American Association for the Advancement of Science},
	issn = {0036-8075},
	URL = {http://science.sciencemag.org/content/308/5721/508},
	eprint = {http://science.sciencemag.org/content/308/5721/508.full.pdf},
	journal = {Science}
}


@Article{Sankey2006,
  Title                    = {Spin-Transfer-Driven Ferromagnetic Resonance of Individual Nanomagnets},
  Author                   = {Sankey, J. C. and Braganca, P. M. and Garcia, A. G. F. and Krivorotov, I. N. and Buhrman, R. A. and Ralph, D. C.},
  Journal                  = {Phys. Rev. Lett.},
  Year                     = {2006},
  Month                    = {Jun},
  Pages                    = {227601},
  Volume                   = {96},
  Doi                      = {10.1103/PhysRevLett.96.227601},
  Issue                    = {22},
  Numpages                 = {4},
  Url                      = {http://link.aps.org/doi/10.1103/PhysRevLett.96.227601}
}

@Article{Tulapurkar2005,
  Title                    = {Spin-torque diode effect in magnetic tunnel junctions},
  Author                   = {Tulapurkar, A. A. and Suzuki, Y. and Fukushima, A. and Kubota, H. and Maehara, H. and Tsunekawa, K. and Djayaprawira, D. D. and Watanabe, N. and Yuasa, S.},
  Journal                  = {Nature},
  Year                     = {2005},
  Month                    = {Nov},
  Number                   = {7066},
  Pages                    = {339-342},
  Volume                   = {438},
  Day                      = {17},
  Doi                      = {10.1038/nature04207},
  ISSN                     = {0028-0836},
  Publisher                = {Nature Publishing Group},
  Url                      = {http://dx.doi.org/10.1038/nature04207}
}


@Article{Kittel,
  Title                    = {On the Theory of Ferromagnetic Resonance Absorption},
  Author                   = {Kittel, Charles},
  Journal                  = {Phys. Rev.},
  Year                     = {1948},

  Month                    = {Jan},
  Pages                    = {155--161},
  Volume                   = {73},

  Bdsk-url-1               = {http://link.aps.org/doi/10.1103/PhysRev.73.155},
  Bdsk-url-2               = {http://dx.doi.org/10.1103/PhysRev.73.155},
  Doi                      = {10.1103/PhysRev.73.155},
  File                     = {:O\:\\members\\ts6717\\paper\\PR\\PhysRev.73.155.pdf:PDF},
  Issue                    = {2},
  Publisher                = {American Physical Society},
  Url                      = {http://link.aps.org/doi/10.1103/PhysRev.73.155}
}



@Article{FieldMod,
   author = "Gonçalves, A. M. and Barsukov, I. and Chen, Y.-J. and Yang, L. and Katine, J. A. and Krivorotov, I. N.",
   title = "Spin torque ferromagnetic resonance with magnetic field modulation",
   journal = "Applied Physics Letters",
   year = "2013",
   volume = "103",
   number = "17", 
   eid = 172406,
   pages = "",
   url = "http://scitation.aip.org/content/aip/journal/apl/103/17/10.1063/1.4826927",
   doi = "http://dx.doi.org/10.1063/1.4826927" 
}


@misc{OOMMF,
  title = {{OOMMF User's Guide, Version 1.0}},
  author = {M. J. Donahue and D. G. Porter},
  year = 1999,
  
}

 
@Article{TMR,
  Title                    = {Tunneling between ferromagnetic films },
  Author                   = {M. Julliere},
  Journal                  = {Physics Letters A},
  Year                     = {1975},
  Number                   = {3},
  Pages                    = {225 - 226},
  Volume                   = {54},
}

@article{Bias,
  title = {Bias and angular dependence of spin-transfer torque in magnetic tunnel junctions},
  author = {Wang, C. and Cui, Y.-T. and Sun, J. Z. and Katine, J. A. and Buhrman, R. A. and Ralph, D. C.},
  journal = {Phys. Rev. B},
  volume = {79},
  issue = {22},
  pages = {224416},
  numpages = {10},
  year = {2009},
  month = {Jun},
  publisher = {American Physical Society},
  doi = {10.1103/PhysRevB.79.224416},
  url = {http://link.aps.org/doi/10.1103/PhysRevB.79.224416}
}

@Article{Sankey2008,
author={Sankey, Jack C.
Cui, Yong-Tao
 Slonczewski, John C.
Buhrman, Robert A.
Ralph, Daniel C.},
title={Measurement of the spin-transfer-torque vector in magnetic tunnel junctions},
journal={Nat Phys},
year={2008},
month={Jan},
publisher={Nature Publishing Group},
volume={4},
number={1},
pages={67-71},
issn={1745-2473},
doi={10.1038/nphys783},
url={http://dx.doi.org/10.1038/nphys783}
} 

@article{Sub,
  title = {Effect of subvolume excitation and spin-torque efficiency on magnetic switching},
  author = {Sun, J. Z. and Robertazzi, R. P. and Nowak, J. and Trouilloud, P. L. and Hu, G. and Abraham, D. W. and Gaidis, M. C. and Brown, S. L. and O'Sullivan, E. J. and Gallagher, W. J. and Worledge, D. C.},
  journal = {Phys. Rev. B},
  volume = {84},
  issue = {6},
  pages = {064413},
  numpages = {9},
  year = {2011},
  month = {Aug},
  publisher = {American Physical Society},
  doi = {10.1103/PhysRevB.84.064413},
  url = {http://link.aps.org/doi/10.1103/PhysRevB.84.064413}
}

@Article{Back-hopping,
  Title                    = {Back-hopping after spin torque transfer induced magnetization switching in magnetic tunneling junction cells},
  Author                   = {Min, T. and Sun, J. Z. and Beach, R. and Tang, D. and Wang, P.},
  Journal                  = {Journal of Applied Physics},
  Year                     = {2009},
  Number                   = {7},
  Volume                   = {105},

}


@article{Cui,
  title = {Single-Shot Time-Domain Studies of Spin-Torque-Driven Switching in Magnetic Tunnel Junctions},
  author = {Cui, Y.-T. and Finocchio, G. and Wang, C. and Katine, J. A. and Buhrman, R. A. and Ralph, D. C.},
  journal = {Phys. Rev. Lett.},
  volume = {104},
  issue = {9},
  pages = {097201},
  numpages = {4},
  year = {2010},
  month = {Mar},
  publisher = {American Physical Society},
  doi = {10.1103/PhysRevLett.104.097201},
  url = {http://link.aps.org/doi/10.1103/PhysRevLett.104.097201}
}

@article{High_bias,
   author = "Sun, J. Z. and Gaidis, M. C. and Hu, G. and O’Sullivan, E. J. and Brown, S. L. and Nowak, J. J. and Trouilloud, P. L. and Worledge, D. C.",
   title = "High-bias backhopping in nanosecond time-domain spin-torque switches of MgO-based magnetic tunnel junctions",
   journal = "Journal of Applied Physics",
   year = "2009",
   volume = "105",
   number = "7", 
   
   pages = "",
   url = "http://scitation.aip.org/content/aip/journal/jap/105/7/10.1063/1.3058614",
   doi = "http://dx.doi.org/10.1063/1.3058614" 
}

@article{3-Magon,
  title = {Three-magnon splitting and confluence processes for spin-wave excitations in yttrium iron garnet films: Wave vector selective Brillouin light scattering measurements and analysis},
  author = {Ord\'o\~nez-Romero, C\'esar L. and Kalinikos, Boris A. and Krivosik, Pavol and Tong, Wei and Kabos, Pavel and Patton, Carl E.},
  journal = {Phys. Rev. B},
  volume = {79},
  issue = {14},
  pages = {144428},
  numpages = {8},
  year = {2009},
  month = {Apr},
  publisher = {American Physical Society},
  doi = {10.1103/PhysRevB.79.144428},
  url = {http://link.aps.org/doi/10.1103/PhysRevB.79.144428}
}

@article{Correlation,
   author = "Evarts, Eric R. and Heindl, Ranko and Rippard, William H. and Pufall, Matthew R.",
   title = "Correlation of anomalous write error rates and ferromagnetic resonance spectrum in spin-transfer-torque-magnetic-random-access-memory devices containing in-plane free layers",
   journal = "Applied Physics Letters",
   year = "2014",
   volume = "104",
   number = "21", 
   pages = "",
   url = "http://scitation.aip.org/content/aip/journal/apl/104/21/10.1063/1.4879847",
   doi = "http://dx.doi.org/10.1063/1.4879847" 
}


@article{BitError,
   author = "Wang, Zihui and Zhou, Yuchen and Zhang, Jing and Huai, Yiming",
   title = "Bit error rate investigation of spin-transfer-switched magnetic tunnel junctions",
   journal = "Applied Physics Letters",
   year = "2012",
   volume = "101",
   number = "14", 

   pages = "",
   url = "http://scitation.aip.org/content/aip/journal/apl/101/14/10.1063/1.4756787",
   doi = "http://dx.doi.org/10.1063/1.4756787" 
}

@article{FMR_damping,
   author = "Liu, Xiaoyong and Zhang, Wenzhe and Carter, Matthew J. and Xiao, Gang",
   title = "Ferromagnetic resonance and damping properties of CoFeB thin films as free layers in MgO-based magnetic tunnel junctions",
   journal = "Journal of Applied Physics",
   year = "2011",
   volume = "110",
   number = "3", 
   eid = 033910,
   pages = "",
   url = "http://scitation.aip.org/content/aip/journal/jap/110/3/10.1063/1.3615961",
   doi = "http://dx.doi.org/10.1063/1.3615961" 
}

@article{Modes,
   author = "McMichael, R. D. and Stiles, M. D.",
   title = "Magnetic normal modes of nanoelements",
   journal = "Journal of Applied Physics",
   year = "2005",
   volume = "97",
   number = "10", 
  
   pages = "",
   url = "http://scitation.aip.org/content/aip/journal/jap/97/10/10.1063/1.1852191",
   doi = "http://dx.doi.org/10.1063/1.1852191" 
}

@article{FMR_damping2,
   author = "Fuchs, G. D. and Sankey, J. C. and Pribiag, V. S. and Qian, L. and Braganca, P. M. and Garcia, A. G. F. and Ryan, E. M. and Li, Zhi-Pan and Ozatay, O. and Ralph, D. C. and Buhrman, R. A.",
   title = "Spin-torque ferromagnetic resonance measurements of damping in nanomagnets",
   journal = "Applied Physics Letters",
   year = "2007",
   volume = "91",
   number = "6", 
   eid = 062507,
   pages = "",
   url = "http://scitation.aip.org/content/aip/journal/apl/91/6/10.1063/1.2768000",
   doi = "http://dx.doi.org/10.1063/1.2768000" 
}

@article{STT,
title = "Spin transfer torques ",
journal = "Journal of Magnetism and Magnetic Materials ",
volume = "320",
number = "7",
pages = "1190 - 1216",
year = "2008",
note = "",
issn = "0304-8853",
doi = "http://dx.doi.org/10.1016/j.jmmm.2007.12.019",
url = "http://www.sciencedirect.com/science/article/pii/S0304885307010116",
author = "D.C. Ralph and M.D. Stiles",
}

@article{Mg0,
  title = {Spin-dependent tunneling conductance of $\mathrm{Fe}|\mathrm{MgO}|\mathrm{Fe}$ sandwiches},
  author = {Butler, W. H. and Zhang, X.-G. and Schulthess, T. C. and MacLaren, J. M.},
  journal = {Phys. Rev. B},
  volume = {63},
  issue = {5},
  pages = {054416},
  numpages = {12},
  year = {2001},
  month = {Jan},
  publisher = {American Physical Society},
  doi = {10.1103/PhysRevB.63.054416},
  url = {http://link.aps.org/doi/10.1103/PhysRevB.63.054416}
}


@article{Network,
   author = "Xue, Lin and Wang, Chen and Cui, Yong-Tao and Katine, J. A. and Buhrman, R. A. and Ralph, D. C.",
   title = "Network analyzer measurements of spin transfer torques in magnetic tunnel junctions",
   journal = "Applied Physics Letters",
   year = "2012",
   volume = "101",
   number = "2", 
   eid = 022417,
   pages = "",
   url = "http://scitation.aip.org/content/aip/journal/apl/101/2/10.1063/1.4737017",
   doi = "http://dx.doi.org/10.1063/1.4737017" 
}

@Article{Wang2011,
author={Wang, Chen
and Cui, Yong-Tao
and Katine, Jordan A.
and Buhrman, Robert A.
and Ralph, Daniel C.},
title={Time-resolved measurement of spin-transfer-driven ferromagnetic resonance and spin torque in magnetic tunnel junctions},
journal={Nat Phys},
year={2011},
month={Jun},
publisher={Nature Publishing Group},
volume={7},
number={6},
pages={496-501},
issn={1745-2473},
doi={10.1038/nphys1928},
url={http://dx.doi.org/10.1038/nphys1928}
}

@article{PRLdamping,
  title = {Mode- and Size-Dependent Landau-Lifshitz Damping in Magnetic Nanostructures: Evidence for Nonlocal Damping},
  author = {Nembach, Hans T. and Shaw, Justin M. and Boone, Carl T. and Silva, T. J.},
  journal = {Phys. Rev. Lett.},
  volume = {110},
  issue = {11},
  pages = {117201},
  numpages = {5},
  year = {2013},
  month = {Mar},
  publisher = {American Physical Society},
  doi = {10.1103/PhysRevLett.110.117201},
  url = {http://link.aps.org/doi/10.1103/PhysRevLett.110.117201}
}

@article{excitation1,
  title = {Quantized spin-wave modes in magnetic tunnel junction nanopillars},
  author = {Helmer, A. and Cornelissen, S. and Devolder, T. and Kim, J.-V. and van Roy, W. and Lagae, L. and Chappert, C.},
  journal = {Phys. Rev. B},
  volume = {81},
  issue = {9},
  pages = {094416},
  numpages = {16},
  year = {2010},
  month = {Mar},
  publisher = {American Physical Society},
  doi = {10.1103/PhysRevB.81.094416},
  url = {http://link.aps.org/doi/10.1103/PhysRevB.81.094416}
}

@article{excitation2,
  title = {Identification and selection rules of the spin-wave eigenmodes in a normally magnetized nanopillar},
  author = {Naletov, V. V. and de Loubens, G. and Albuquerque, G. and Borlenghi, S. and Cros, V. and Faini, G. and Grollier, J. and Hurdequint, H. and Locatelli, N. and Pigeau, B. and Slavin, A. N. and Tiberkevich, V. S. and Ulysse, C. and Valet, T. and Klein, O.},
  journal = {Phys. Rev. B},
  volume = {84},
  issue = {22},
  pages = {224423},
  numpages = {23},
  year = {2011},
  month = {Dec},
  publisher = {American Physical Society},
  doi = {10.1103/PhysRevB.84.224423},
  url = {http://link.aps.org/doi/10.1103/PhysRevB.84.224423}
}

@Article{VCMA1,
author={MaruyamaT.
and ShiotaY.
and NozakiT.
and OhtaK.
and TodaN.
and MizuguchiM.
and A., TulapurkarA
and ShinjoT.
and ShiraishiM.
and MizukamiS.
and AndoY.
and SuzukiY.},
title={Large voltage-induced magnetic anisotropy change in a few atomic layers of iron},
journal={Nat Nano},
year={2009},
month={Mar},
publisher={Nature Publishing Group},
volume={4},
number={3},
pages={158-161},
issn={1748-3387},
doi={10.1038/nnano.2008.406},
url={http://dx.doi.org/10.1038/nnano.2008.406}
}

@Article{Wang2012,
author={Wang, Wei-Gang
and Li, Mingen
and Hageman, Stephen
and Chien, C. L.},
title={Electric-field-assisted switching in magnetic tunnel junctions},
journal={Nat Mater},
year={2012},
month={Jan},
publisher={Nature Publishing Group},
volume={11},
number={1},
pages={64-68},
issn={1476-1122},
doi={10.1038/nmat3171},
url={http://dx.doi.org/10.1038/nmat3171}
}

@article{Jian,
  title = {Voltage-Induced Ferromagnetic Resonance in Magnetic Tunnel Junctions},
  author = {Zhu, Jian and Katine, J. A. and Rowlands, Graham E. and Chen, Yu-Jin and Duan, Zheng and Alzate, Juan G. and Upadhyaya, Pramey and Langer, Juergen and Amiri, Pedram Khalili and Wang, Kang L. and Krivorotov, Ilya N.},
  journal = {Phys. Rev. Lett.},
  volume = {108},
  issue = {19},
  pages = {197203},
  numpages = {5},
  year = {2012},
  month = {May},
  publisher = {American Physical Society},
  doi = {10.1103/PhysRevLett.108.197203},
  url = {http://link.aps.org/doi/10.1103/PhysRevLett.108.197203}
}

@article{subswitch,
   author = "Huai, Yiming and Albert, Frank and Nguyen, Paul and Pakala, Mahendra and Valet, Thierry",
   title = "Observation of spin-transfer switching in deep submicron-sized and low-resistance magnetic tunnel junctions",
   journal = "Applied Physics Letters",
   year = "2004",
   volume = "84",
   number = "16", 
   
   pages = "3118-3120",
   url = "http://scitation.aip.org/content/aip/journal/apl/84/16/10.1063/1.1707228",
   doi = "http://dx.doi.org/10.1063/1.1707228" 
}

@Article{Currenttorque,
author={Brataas, Arne
and Kent, Andrew D.
and Ohno, Hideo},
title={Current-induced torques in magnetic materials},
journal={Nat Mater},
year={2012},
month={May},
publisher={Nature Publishing Group, a division of Macmillan Publishers Limited. All Rights Reserved.},
volume={11},
number={5},
pages={372-381},
issn={1476-1122},
doi={10.1038/nmat3311},
url={http://dx.doi.org/10.1038/nmat3311}
}


@article{Sun1991,
title = "Current-driven magnetic switching in manganite trilayer junctions ",
journal = "Journal of Magnetism and Magnetic Materials ",
volume = "202",
number = "1",
pages = "157 - 162",
year = "1999",
note = "",
issn = "0304-8853",
doi = "http://dx.doi.org/10.1016/S0304-8853(99)00289-9",
url = "http://www.sciencedirect.com/science/article/pii/S0304885399002899",
author = "J.Z Sun",
keywords = "Spin-polarized current",
keywords = "Magnetic nanostructure",
keywords = "Magnetic switching "
}


@article{DMI,
   author = "Sampaio, J. and Khvalkovskiy, A. V. and Kuteifan, M. and Cubukcu, M. and Apalkov, D. and Lomakin, V. and Cros, V. and Reyren, N.",
   title = "Disruptive effect of Dzyaloshinskii-Moriya interaction on the magnetic memory cell performance",
   journal = "Applied Physics Letters",
   year = "2016",
   volume = "108",
   number = "11", 
   pages = "",
   url = "http://scitation.aip.org/content/aip/journal/apl/108/11/10.1063/1.4944419",
   doi = "http://dx.doi.org/10.1063/1.4944419" 
}

@article{Para,
  author={C Wang and H Seinige and M Tsoi},
  title={Current-driven parametric resonance in magnetic multilayers},
  journal={Journal of Physics D: Applied Physics},
  volume={46},
  number={28},
  pages={285001},
  url={http://stacks.iop.org/0022-3727/46/i=28/a=285001},
  year={2013},
  }
	

@misc{wiki:Ferromagnetism,
   author = "Wikipedia contributors",
   title = "Ferromagnetism --- {W}ikipedia{,} The Free Encyclopedia",
   year = "2018",
   url = "https://en.wikipedia.org/w/index.php?title=Plagiarism&oldid=5139350",
   note = "[Online; accessed 03-March-2018]"
 }
 
 @article{JohnsonandSilsbee,
  title = {Interfacial charge-spin coupling: Injection and detection of spin magnetization in metals},
  author = {Johnson, Mark and Silsbee, R. H.},
  journal = {Phys. Rev. Lett.},
  volume = {55},
  issue = {17},
  pages = {1790--1793},
  numpages = {0},
  year = {1985},
  month = {Oct},
  publisher = {American Physical Society},
  doi = {10.1103/PhysRevLett.55.1790},
  url = {https://link.aps.org/doi/10.1103/PhysRevLett.55.1790}
}


@article{Fert,
  title = {Giant Magnetoresistance of (001)Fe/(001)Cr Magnetic Superlattices},
  author = {Baibich, M. N. and Broto, J. M. and Fert, A. and Van Dau, F. Nguyen and Petroff, F. and Etienne, P. and Creuzet, G. and Friederich, A. and Chazelas, J.},
  journal = {Phys. Rev. Lett.},
  volume = {61},
  issue = {21},
  pages = {2472--2475},
  numpages = {0},
  year = {1988},
  month = {Nov},
  publisher = {American Physical Society},
  doi = {10.1103/PhysRevLett.61.2472},
  url = {https://link.aps.org/doi/10.1103/PhysRevLett.61.2472}
}

@article{Grunberg,
  title = {Enhanced magnetoresistance in layered magnetic structures with antiferromagnetic interlayer exchange},
  author = {Binasch, G. and Gr\"unberg, P. and Saurenbach, F. and Zinn, W.},
  journal = {Phys. Rev. B},
  volume = {39},
  issue = {7},
  pages = {4828--4830},
  numpages = {0},
  year = {1989},
  month = {Mar},
  publisher = {American Physical Society},
  doi = {10.1103/PhysRevB.39.4828},
  url = {https://link.aps.org/doi/10.1103/PhysRevB.39.4828}
}

@article{Kittel1947,
  title = {Interpretation of Anomalous Larmor Frequencies in Ferromagnetic Resonance Experiment},
  author = {Kittel, Charles},
  journal = {Phys. Rev.},
  volume = {71},
  issue = {4},
  pages = {270--271},
  numpages = {0},
  year = {1947},
  month = {Feb},
  publisher = {American Physical Society},
  doi = {10.1103/PhysRev.71.270.2},
  url = {https://link.aps.org/doi/10.1103/PhysRev.71.270.2}
}

@article{chris,
author = {Christopher J. Safranski and Yu-Jin Chen and Ilya N. Krivorotov and Jonathan Z. Sun},
title = {Material parameters of perpendicularly magnetized tunnel junctions from spin torque ferromagnetic resonance techniques},
journal = {Applied Physics Letters},
volume = {109},
number = {13},
pages = {132408},
year = {2016},
doi = {10.1063/1.4963354},

URL = { 
        http://dx.doi.org/10.1063/1.4963354
    
},
}

@article{dragging,
author = {Xiaoyong Liu and Wenzhe Zhang and Matthew J. Carter and Gang Xiao},
title = {Ferromagnetic resonance and damping properties of CoFeB thin films as free layers in MgO-based magnetic tunnel junctions},
journal = {Journal of Applied Physics},
volume = {110},
number = {3},
pages = {033910},
year = {2011},
doi = {10.1063/1.3615961},

URL = { 
        http://dx.doi.org/10.1063/1.3615961
    
},
eprint = { 
        http://dx.doi.org/10.1063/1.3615961
    
}
}

@article{Spinflop,
author = {H. C. Tong and C. Qian and L. Miloslavsky and S. Funada and X. Shi and F. Liu and S. Dey},
title = {The spin flop of synthetic antiferromagnetic films},
journal = {Journal of Applied Physics},
volume = {87},
number = {9},
pages = {5055-5057},
year = {2000},
doi = {10.1063/1.373246},

URL = { 
        http://dx.doi.org/10.1063/1.373246
        },
}

@article{inhom,
author = {Eric R. Evarts and Matthew R. Pufall and William H. Rippard},
title = {Continuous-film vs. device-level ferromagnetic resonance in magnetic tunnel junction thin films},
journal = {Journal of Applied Physics},
volume = {113},
number = {8},
pages = {083903},
year = {2013},
doi = {10.1063/1.4793589},

URL = { 
        http://dx.doi.org/10.1063/1.4793589
    
},
eprint = { 
        http://dx.doi.org/10.1063/1.4793589
    
}

}

@article{STFMR_1,
  author={Motoya Shinozaki and Eriko Hirayama and Shun Kanai and Hideo Sato and Fumihiro Matsukura and Hideo Ohno},
  title={Damping constant in a free layer in nanoscale CoFeB/MgO magnetic tunnel junctions investigated by homodyne-detected ferromagnetic resonance},
  journal={Applied Physics Express},
  volume={10},
  number={1},
  pages={013001},
  url={http://stacks.iop.org/1882-0786/10/i=1/a=013001},
  year={2017},

}

@article{grain,
author = {Sankha S. Mukherjee and Feiming Bai and David MacMahon and Chih-Ling Lee and Surendra K. Gupta and Santosh K. Kurinec},
title = {Crystallization and grain growth behavior of CoFeB and MgO layers in multilayer magnetic tunnel junctions},
journal = {Journal of Applied Physics},
volume = {106},
number = {3},
pages = {033906},
year = {2009},
doi = {10.1063/1.3176501},

URL = { 
        http://dx.doi.org/10.1063/1.3176501
    
},
eprint = { 
        http://dx.doi.org/10.1063/1.3176501
    
}

}

@article{Ohno2010,
  author  = {S. Ikeda and K. Miura and H. Yamamoto and K. Mizunuma and H. D. Gan and M. Endo and S. Kanai and J. Hayakawa and F. Matsukura and and H. Ohno},
  journal = {Nature Mater.},
  year    = {2010},
  volume  = {9},
  pages   = {721},
}





@article{Magnoise,
author = {Valeri Synogatch and Neil Smith and J. R. Childress},
title = {Ferromagnetic resonance in tunnel junctions: Mag-noise and complex impedance analysis},
journal = {Journal of Applied Physics},
volume = {93},
number = {10},
pages = {8570-8572},
year = {2003},
doi = {10.1063/1.1557852},

URL = { 
        https://doi.org/10.1063/1.1557852
    
},
eprint = { 
        https://doi.org/10.1063/1.1557852
    
}
}


@article{MagnoisePRL,
  title = {Spin-Torque Influence on the High-Frequency Magnetization Fluctuations in Magnetic Tunnel Junctions},
  author = {Petit, S. and Baraduc, C. and Thirion, C. and Ebels, U. and Liu, Y. and Li, M. and Wang, P. and Dieny, B.},
  journal = {Phys. Rev. Lett.},
  volume = {98},
  issue = {7},
  pages = {077203},
  numpages = {4},
  year = {2007},
  month = {Feb},
  publisher = {American Physical Society},
  doi = {10.1103/PhysRevLett.98.077203},
  url = {https://link.aps.org/doi/10.1103/PhysRevLett.98.077203}
}


@article{PMAEX,
author = {T. Devolder and J.-V. Kim and L. Nistor and R. Sousa and B. Rodmacq and B. Diény},
title = {Exchange stiffness in ultrathin perpendicularly magnetized CoFeB layers determined using the spectroscopy of electrically excited spin waves},
journal = {Journal of Applied Physics},
volume = {120},
number = {18},
pages = {183902},
year = {2016},
doi = {10.1063/1.4967826},

URL = { 
        https://doi.org/10.1063/1.4967826
    
},
eprint = { 
        https://doi.org/10.1063/1.4967826
    
}
}


@ARTICLE{thermalEx, 
author={H. Sato and M. Yamanouchi and K. Miura and S. Ikeda and R. Koizumi and F. Matsukura and H. Ohno}, 
journal={IEEE Magnetics Letters}, 
title={CoFeB Thickness Dependence of Thermal Stability Factor in CoFeB/MgO Perpendicular Magnetic Tunnel Junctions}, 
year={2012}, 
volume={3}, 
number={}, 
pages={3000204-3000204}, 
keywords={cobalt compounds;iron compounds;magnesium compounds;magnetic tunnelling;magnetisation reversal;perpendicular magnetic anisotropy;CoFeB recording layer thickness;CoFeB-MgO;junction sizes;nucleation-type magnetization reversal;perpendicular anisotropy;perpendicular magnetic tunnel junctions;thermal stability factor;thickness dependence;Junctions;Magnetic recording;Magnetic tunneling;Perpendicular magnetic anisotropy;Switches;Thermal stability;Spin electronics;magnetic random access memory;magnetic tunnel junctions (MTJs)}, 
doi={10.1109/LMAG.2012.2190722}, 
ISSN={1949-307X}, 
month={},}



@article{noiseEx,
author = {T. Devolder and L. Bianchini and K. Miura and K. Ito and Joo-Von Kim and P. Crozat and V. Morin and A. Helmer and C. Chappert and S. Ikeda and H. Ohno},
title = {Spin-torque switching window, thermal stability, and material parameters of MgO tunnel junctions},
journal = {Applied Physics Letters},
volume = {98},
number = {16},
pages = {162502},
year = {2011},
doi = {10.1063/1.3576937},

URL = { 
        https://doi.org/10.1063/1.3576937
    
},
eprint = { 
        https://doi.org/10.1063/1.3576937
    }
}



@Article{Kubota2007,
author={Kubota, Hitoshi
and Fukushima, Akio
and Yakushiji, Kay
and Nagahama, Taro
and Yuasa, Shinji
and Ando, Koji
and Maehara, Hiroki
and Nagamine, Yoshinori
and Tsunekawa, Koji
and Djayaprawira, David D.
and Watanabe, Naoki
and Suzuki, Yoshishige},
title={Quantitative measurement of voltage dependence of spin-transfer torque in MgO-based magnetic tunnel junctions},
journal={Nature Physics},
year={2007},
month={Nov},
day={25},
publisher={Nature Publishing Group SN  -},
volume={4},
pages={37 EP  -},
url={http://dx.doi.org/10.1038/nphys784}
}


@article{photovoltage1,
  title = {Microwave photovoltage and photoresistance effects in ferromagnetic microstrips},
  author = {Mecking, N. and Gui, Y. S. and Hu, C.-M.},
  journal = {Phys. Rev. B},
  volume = {76},
  issue = {22},
  pages = {224430},
  numpages = {14},
  year = {2007},
  month = {Dec},
  publisher = {American Physical Society},
  doi = {10.1103/PhysRevB.76.224430},
  url = {https://link.aps.org/doi/10.1103/PhysRevB.76.224430}
}

@article{photovoltage2,
  title = {Analysis of the line shape of electrically detected ferromagnetic resonance},
  author = {Harder, M. and Cao, Z. X. and Gui, Y. S. and Fan, X. L. and Hu, C.-M.},
  journal = {Phys. Rev. B},
  volume = {84},
  issue = {5},
  pages = {054423},
  numpages = {12},
  year = {2011},
  month = {Aug},
  publisher = {American Physical Society},
  doi = {10.1103/PhysRevB.84.054423},
  url = {https://link.aps.org/doi/10.1103/PhysRevB.84.054423}
}



